@article {massenergy,
author = {Einstein, A.},
title = {{\"U}ber einen die Erzeugung und Verwandlung des Lichtes betreffenden heuristischen Gesichtspunkt},
journal = {Annalen der Physik},
volume = {322},
number = {6},
publisher = {WILEY-VCH Verlag},
issn = {1521-3889},
url = {http://dx.doi.org/10.1002/andp.19053220607},
doi = {10.1002/andp.19053220607},
pages = {132--148},
year = {1905},
}

@article{Schroedinger1926,
    author = {Schr\"{o}dinger, E.},
    doi = {10.1002/andp.19263840404},
    issn = {00033804},
    journal = {Ann. Phys.},
    number = {4},
    pages = {361--376},
    publisher = {WILEY-VCH Verlag},
    title = {{Quantisierung als Eigenwertproblem}},
    url = {http://dx.doi.org/10.1002/andp.19263840404},
    volume = {384},
    year = {1926}
}

@article {brownianmotion,
author = {Einstein, A.},
title = {{\"U}ber die von der molekularkinetischen Theorie der W{\"a}rme geforderte Bewegung von in ruhenden Flüssigkeiten suspendierten Teilchen},
journal = {Annalen der Physik},
volume = {322},
number = {8},
publisher = {WILEY-VCH Verlag},
issn = {1521-3889},
url = {http://dx.doi.org/10.1002/andp.19053220806},
doi = {10.1002/andp.19053220806},
pages = {549--560},
year = {1905},
}

@article {specialrelativity,
author = {Einstein, A.},
title = {Zur Elektrodynamik bewegter Körper},
journal = {Annalen der Physik},
volume = {322},
number = {10},
publisher = {WILEY-VCH Verlag},
issn = {1521-3889},
url = {http://dx.doi.org/10.1002/andp.19053221004},
doi = {10.1002/andp.19053221004},
pages = {891--921},
year = {1905},
}

@article {photoelectric,
author = {Einstein, A.},
title = {Ist die Trägheit eines Körpers von seinem Energieinhalt abhängig?},
journal = {Annalen der Physik},
volume = {323},
number = {13},
publisher = {WILEY-VCH Verlag},
issn = {1521-3889},
url = {http://dx.doi.org/10.1002/andp.19053231314},
doi = {10.1002/andp.19053231314},
pages = {639--641},
year = {1905},
}
